<?xml version="1.0" encoding="UTF-8"?><collection xmlns="http://www.loc.gov/MARC21/slim"><record><leader>00361nam--2200121-i-4500</leader><controlfield tag="001">000017174</controlfield><controlfield tag="002">20161230</controlfield><controlfield tag="005">20161230201032</controlfield><controlfield tag="008">060222s1000------------r-----000-0-eng-d</controlfield><datafield ind1=" " ind2=" " tag="080"><subfield code="a">341.16:621.039</subfield></datafield><datafield ind1=" " ind2=" " tag="245"><subfield code="a">Presenting vienna. a handbook for agency staff members (1976)</subfield></datafield><datafield ind1=" " ind2=" " tag="260"><subfield code="a">Vienna, Int. Atomic Energy Gency Staff Associa Tion, 1976. 128 P</subfield></datafield><datafield ind1=" " ind2=" " tag="852"><subfield code="a">80106</subfield></datafield></record></collection>